%YAML 1.1
%TAG !u! tag:unity3d.com,2011:
--- !u!1 &1198835205536434475
GameObject:
  m_ObjectHideFlags: 0
  m_CorrespondingSourceObject: {fileID: 0}
  m_PrefabInstance: {fileID: 0}
  m_PrefabAsset: {fileID: 0}
  serializedVersion: 6
  m_Component:
  - component: {fileID: 1494881029750118358}
  m_Layer: 0
  m_Name: Tag
  m_TagString: Zombie Grassone
  m_Icon: {fileID: 0}
  m_NavMeshLayer: 0
  m_StaticEditorFlags: 0
  m_IsActive: 1
--- !u!4 &1494881029750118358
Transform:
  m_ObjectHideFlags: 0
  m_CorrespondingSourceObject: {fileID: 0}
  m_PrefabInstance: {fileID: 0}
  m_PrefabAsset: {fileID: 0}
  m_GameObject: {fileID: 1198835205536434475}
  m_LocalRotation: {x: -0, y: 0.9063079, z: -0, w: -0.42261827}
  m_LocalPosition: {x: 0, y: 0, z: 0}
  m_LocalScale: {x: 0.7999999, y: 0.7999999, z: 0.7999999}
  m_Children: []
  m_Father: {fileID: 4907377574183800593}
  m_RootOrder: 1
  m_LocalEulerAnglesHint: {x: 0, y: 0, z: 0}
--- !u!1 &4907377574183800592
GameObject:
  m_ObjectHideFlags: 0
  m_CorrespondingSourceObject: {fileID: 0}
  m_PrefabInstance: {fileID: 0}
  m_PrefabAsset: {fileID: 0}
  serializedVersion: 6
  m_Component:
  - component: {fileID: 4907377574183800593}
  - component: {fileID: 8663575489278410267}
  - component: {fileID: -151488975501409454}
  - component: {fileID: 9038723287311200808}
  - component: {fileID: 5624308338952135520}
  - component: {fileID: 1846695669306874999}
  m_Layer: 0
  m_Name: Zombie Grassone
  m_TagString: Zombie
  m_Icon: {fileID: 0}
  m_NavMeshLayer: 0
  m_StaticEditorFlags: 0
  m_IsActive: 1
--- !u!4 &4907377574183800593
Transform:
  m_ObjectHideFlags: 0
  m_CorrespondingSourceObject: {fileID: 0}
  m_PrefabInstance: {fileID: 0}
  m_PrefabAsset: {fileID: 0}
  m_GameObject: {fileID: 4907377574183800592}
  m_LocalRotation: {x: 0, y: 0, z: 0, w: 1}
  m_LocalPosition: {x: 0, y: 0, z: 0}
  m_LocalScale: {x: 0.075, y: 0.075, z: 0.075}
  m_Children:
  - {fileID: 99137646107521839}
  - {fileID: 1494881029750118358}
  m_Father: {fileID: 0}
  m_RootOrder: 0
  m_LocalEulerAnglesHint: {x: 0, y: 0, z: 0}
--- !u!54 &8663575489278410267
Rigidbody:
  m_ObjectHideFlags: 0
  m_CorrespondingSourceObject: {fileID: 0}
  m_PrefabInstance: {fileID: 0}
  m_PrefabAsset: {fileID: 0}
  m_GameObject: {fileID: 4907377574183800592}
  serializedVersion: 2
  m_Mass: 1
  m_Drag: 0
  m_AngularDrag: 0.05
  m_UseGravity: 1
  m_IsKinematic: 0
  m_Interpolate: 0
  m_Constraints: 112
  m_CollisionDetection: 0
--- !u!65 &-151488975501409454
BoxCollider:
  m_ObjectHideFlags: 0
  m_CorrespondingSourceObject: {fileID: 0}
  m_PrefabInstance: {fileID: 0}
  m_PrefabAsset: {fileID: 0}
  m_GameObject: {fileID: 4907377574183800592}
  m_Material: {fileID: 0}
  m_IsTrigger: 0
  m_Enabled: 1
  serializedVersion: 2
  m_Size: {x: 12.347406, y: 32.601173, z: 15.75928}
  m_Center: {x: 0.022826592, y: 16.425108, z: -0.12712319}
--- !u!114 &9038723287311200808
MonoBehaviour:
  m_ObjectHideFlags: 0
  m_CorrespondingSourceObject: {fileID: 0}
  m_PrefabInstance: {fileID: 0}
  m_PrefabAsset: {fileID: 0}
  m_GameObject: {fileID: 4907377574183800592}
  m_Enabled: 1
  m_EditorHideFlags: 0
  m_Script: {fileID: 11500000, guid: 2ed613b60534469fb257044cd0a08201, type: 3}
  m_Name: 
  m_EditorClassIdentifier: 
--- !u!114 &5624308338952135520
MonoBehaviour:
  m_ObjectHideFlags: 0
  m_CorrespondingSourceObject: {fileID: 0}
  m_PrefabInstance: {fileID: 0}
  m_PrefabAsset: {fileID: 0}
  m_GameObject: {fileID: 4907377574183800592}
  m_Enabled: 1
  m_EditorHideFlags: 0
  m_Script: {fileID: 11500000, guid: 83d2f604ca8442b7ba380e315eca2e20, type: 3}
  m_Name: 
  m_EditorClassIdentifier: 
  angle: 90
--- !u!114 &1846695669306874999
MonoBehaviour:
  m_ObjectHideFlags: 0
  m_CorrespondingSourceObject: {fileID: 0}
  m_PrefabInstance: {fileID: 0}
  m_PrefabAsset: {fileID: 0}
  m_GameObject: {fileID: 4907377574183800592}
  m_Enabled: 1
  m_EditorHideFlags: 0
  m_Script: {fileID: 11500000, guid: 62b28b711a9ca420b8cddfb7d04458df, type: 3}
  m_Name: 
  m_EditorClassIdentifier: 
--- !u!1001 &4907377575082514485
PrefabInstance:
  m_ObjectHideFlags: 0
  serializedVersion: 2
  m_Modification:
    m_TransformParent: {fileID: 4907377574183800593}
    m_Modifications:
    - target: {fileID: -4216859302048453862, guid: a5b45a87da0904fa0b9131997cc6822b,
        type: 3}
      propertyPath: m_LocalPosition.x
      value: 0
      objectReference: {fileID: 0}
    - target: {fileID: -4216859302048453862, guid: a5b45a87da0904fa0b9131997cc6822b,
        type: 3}
      propertyPath: m_LocalPosition.y
      value: 0
      objectReference: {fileID: 0}
    - target: {fileID: -4216859302048453862, guid: a5b45a87da0904fa0b9131997cc6822b,
        type: 3}
      propertyPath: m_LocalPosition.z
      value: 0
      objectReference: {fileID: 0}
    - target: {fileID: -4216859302048453862, guid: a5b45a87da0904fa0b9131997cc6822b,
        type: 3}
      propertyPath: m_LocalRotation.x
      value: 0
      objectReference: {fileID: 0}
    - target: {fileID: -4216859302048453862, guid: a5b45a87da0904fa0b9131997cc6822b,
        type: 3}
      propertyPath: m_LocalRotation.y
      value: 0
      objectReference: {fileID: 0}
    - target: {fileID: -4216859302048453862, guid: a5b45a87da0904fa0b9131997cc6822b,
        type: 3}
      propertyPath: m_LocalRotation.z
      value: 0
      objectReference: {fileID: 0}
    - target: {fileID: -4216859302048453862, guid: a5b45a87da0904fa0b9131997cc6822b,
        type: 3}
      propertyPath: m_LocalRotation.w
      value: 1
      objectReference: {fileID: 0}
    - target: {fileID: -4216859302048453862, guid: a5b45a87da0904fa0b9131997cc6822b,
        type: 3}
      propertyPath: m_RootOrder
      value: 0
      objectReference: {fileID: 0}
    - target: {fileID: -4216859302048453862, guid: a5b45a87da0904fa0b9131997cc6822b,
        type: 3}
      propertyPath: m_LocalEulerAnglesHint.x
      value: 0
      objectReference: {fileID: 0}
    - target: {fileID: -4216859302048453862, guid: a5b45a87da0904fa0b9131997cc6822b,
        type: 3}
      propertyPath: m_LocalEulerAnglesHint.y
      value: 0
      objectReference: {fileID: 0}
    - target: {fileID: -4216859302048453862, guid: a5b45a87da0904fa0b9131997cc6822b,
        type: 3}
      propertyPath: m_LocalEulerAnglesHint.z
      value: 0
      objectReference: {fileID: 0}
    - target: {fileID: -4216859302048453862, guid: a5b45a87da0904fa0b9131997cc6822b,
        type: 3}
      propertyPath: m_LocalScale.x
      value: 1
      objectReference: {fileID: 0}
    - target: {fileID: -4216859302048453862, guid: a5b45a87da0904fa0b9131997cc6822b,
        type: 3}
      propertyPath: m_LocalScale.y
      value: 1
      objectReference: {fileID: 0}
    - target: {fileID: -4216859302048453862, guid: a5b45a87da0904fa0b9131997cc6822b,
        type: 3}
      propertyPath: m_LocalScale.z
      value: 1
      objectReference: {fileID: 0}
    - target: {fileID: -2416733968201007103, guid: a5b45a87da0904fa0b9131997cc6822b,
        type: 3}
      propertyPath: m_Materials.Array.data[0]
      value: 
      objectReference: {fileID: 2100000, guid: 145bd5760468d4b6086159d326c48d33, type: 2}
    - target: {fileID: -927199367670048503, guid: a5b45a87da0904fa0b9131997cc6822b,
        type: 3}
      propertyPath: m_Name
      value: Grassone
      objectReference: {fileID: 0}
    m_RemovedComponents: []
  m_SourcePrefab: {fileID: 100100000, guid: a5b45a87da0904fa0b9131997cc6822b, type: 3}
--- !u!4 &99137646107521839 stripped
Transform:
  m_CorrespondingSourceObject: {fileID: -4216859302048453862, guid: a5b45a87da0904fa0b9131997cc6822b,
    type: 3}
  m_PrefabInstance: {fileID: 4907377575082514485}
  m_PrefabAsset: {fileID: 0}
